<record><leader>00000cas a2200000 a 4500</leader><controlfield tag="001">12257227</controlfield><controlfield tag="008">850712d18851893ksuwr ne      0    0eng d</controlfield><datafield ind1=" " ind2=" " tag="010"><subfield code="a">sn 85030700 </subfield></datafield><datafield ind1=" " ind2=" " tag="040"><subfield code="a">KSH</subfield><subfield code="b">eng</subfield><subfield code="c">KSH</subfield><subfield code="d">NPT</subfield><subfield code="d">OCL</subfield><subfield code="d">OCLCQ</subfield></datafield><datafield ind1=" " ind2=" " tag="042"><subfield code="a">msc</subfield></datafield><datafield ind1="0" ind2="4" tag="245"><subfield code="a">The Hutchinson weekly news.</subfield></datafield><datafield ind1="1" ind2="3" tag="246"><subfield code="a">Weekly Hutchinson news</subfield><subfield code="f">Oct. 26, 1893</subfield></datafield><datafield ind1=" " ind2=" " tag="260"><subfield code="a">Hutchinson, Kan. :</subfield><subfield code="b">[s.n.],</subfield><subfield code="c">1885-1893.</subfield></datafield><datafield ind1=" " ind2=" " tag="300"><subfield code="a">13 v. :</subfield><subfield code="b">ill. ;</subfield><subfield code="c">54-59 cm.</subfield></datafield><datafield ind1=" " ind2=" " tag="310"><subfield code="a">Weekly</subfield></datafield><datafield ind1="0" ind2=" " tag="362"><subfield code="a">Vol. 14, no. 9 (Aug. 27, 1885)-v. 22, no. 26 (Dec. 28, 1893).</subfield></datafield><datafield ind1=" " ind2=" " tag="500"><subfield code="a">Published by: Ralph M. Easley, Mar. 10-Apr. 7, 1887; Hutchinson News Co., Apr. 14, 1887-Dec. 28, 1893.</subfield></datafield><datafield ind1=" " ind2=" " tag="580"><subfield code="a">Issued also in daily editions called: Hutchinson daily news, 1885-Feb. 21, 1890; Hutchinson news (Hutchinson, Kan. : 1890) Feb. 22, 1890-Dec. 31, 1942.</subfield></datafield><datafield ind1=" " ind2=" " tag="752"><subfield code="a">United States</subfield><subfield code="b">Kansas</subfield><subfield code="c">Reno</subfield><subfield code="d">Hutchinson.</subfield></datafield><datafield ind1="1" ind2=" " tag="775"><subfield code="t">Hutchinson daily news</subfield><subfield code="w">(DLC)sn 85030696</subfield></datafield><datafield ind1="1" ind2=" " tag="775"><subfield code="t">Hutchinson news (Hutchinson, Kan. : 1890)</subfield><subfield code="w">(DLC)sn 85030697</subfield></datafield><datafield ind1="0" ind2="0" tag="780"><subfield code="t">Hutchinson news (Hutchinson, Kan. : 1872)</subfield><subfield code="w">(DLC)sn 84027598</subfield></datafield><datafield ind1="0" ind2="0" tag="785"><subfield code="t">Hutchinson news (Hutchinson, Kan. : 1894)</subfield><subfield code="w">(DLC)sn 85030701</subfield></datafield></record>